
#1
@misc{wikipediaCloud,
  title = {\en{Cloud computing}},
  note  = {\en{\url{https://en.wikipedia.org/wiki/Cloud_computing}},
             \en{Last accessed on 12/2/2021}}
}
#2

@misc{JVM,
  title = {\en{The Java Virtual Machine }},
  note  = {\en{\url{https://docs.oracle.com/javase/specs/jvms/se7/html/jvms-1.html#jvms-1.2}},
             \en{Last accessed on 12/2/2021}}
}

#3
@mastersthesis{Aimilios,
  title={Σχεδίαση και Υλοποίηση Μηχανισμού Διαχείρησης Ελαστικής Μνήμης σε Εικονικά Περιβάλλοντα},
  author={Τσαλαπάτης Αιμίλιος},
  year={2018},
  type = {\en{Master thesis}},
  school={\itt{Σχολή Ηλεκτρολόγων Μηχανικών και Μηχανικών Υπολογιστών,
  Εθνικό Μετsόβιο Πολυτεχνείο}}
}

#4
@misc{QemuWiki,
  title = {\en{QEMU wiki main page}},
  note  = {\en{\url{https://wiki.qemu.org/Main_Page}},
             \en{Last accessed on 12/2/2021}}
}

#5
@techreport{VMwarePaper,
  title        = {\en{Understanding Full Virtualization
  ,Paravirtualization, and Hardware Assist}},
  institution  = {\en{\itt{VMware, Inc}}},
  type = {\en{Technical Report}},
  note         = {\en{\url{https://www.vmware.com/content/dam/digitalmarketing/
  vmware/en/pdf/techpaper/VMware_paravirtualization.pdf}},
                \en{Last accessed on 12/2/2021}}
}

#6
@misc{wikipediaX86,
  title = {\en{x86 virtualization}},
  note  = {\en{\url{https://en.wikipedia.org/wiki/X86_virtualization#Intel_virtualization_(VT-x)}},
             \en{Last accessed on 12/2/2021}}
}

#7
@misc{unikernelsDef,
  title = {\en{What are Unikernels?}},
  note  = {\en{\url{http://unikernel.org/}},
             \en{Last accessed on 12/2/2021}}
}

#8
@inproceedings{tmemXenSummit,
  title={\en{Transcedent Memory on Xen}},
  author={\en{Megenheimer, Dan et al.}},
  year={2009},
  organization={\en{\itt{Xen Summit}}},
  note= {\en{pp. 1-3}}
}

#9
@inproceedings{paperAimiliou,
  title={\en{utmem:Towards Memory Elasticity in Cloud Workloads}},
  author={\en{Tsalapatis Aimilios, Gerangelos Stefanos,  Psomadakis Stratos,
      Papazafeiropoulos Konstantinos, Koziris Nectarios}},
  year={2018},
  organization={\en{\itt{ISC High Performance 2018 International Workshops}}},
  note={\en{pp. 173-183}}
}

#10

@article{riseOfVirtLibOS,
  title={\en{unikernels: The Rise of the Virtual Library operating System}},
  author={\en{Anil Madhavapeddy, David J. Scott}},
  journal={\en{Communications of the ACM}},
  year={2014},
  volume = {57},
  number={1},
  note= {\en{pp. 61-69}}
}

#11

@inproceedings{libOSCloud,
  title={\en{Unikernels: Library Operating System for the Cloud}},
  author={\en{Anil Madhavapeddy, Richard Mortier, Charalampos Rotsos, David Scott
  , Balraj Singh, Thomas Gazagnaire, Steven Smith, Steven Hand and John Crowcroft}},
  year={2013},
  organization={\en{\itt{ASPLOS '13}}},
  note= {\en{pp. 461–472}}
}

#12
@inproceedings{xenArtofVirt,
  title={\en{Xen and the Art of Virtualization}},
  author={\en{Paul Barham, Boris Dragovic, Keir Fraser, Steven Hand
  , Tim Harris, Alex Ho,, Rolf Neugebauer, Ian Pratt and Andrew Warfield}},
  year={2003},
  organization={\en{\itt{SOSP 2003}}},
  note= {\en{pp. 164–177}}
}

#13
@misc{overMirage,
  title = {\en{Overview of MirageOS}},
  note  = {\en{\url{https://mirage.io/wiki/overview-of-mirage}},
             \en{Last accessed on 12/2/2021}}
}

#14
@misc{includeOS,
  title = {\en{IncludeOS on github}},
  note  = {\en{\url{https://github.com/includeos/IncludeOS}},
             \en{Last accessed on 12/2/2021}}
}

#15
@mastersthesis{Orestis,
  title={Μελέτη και αποτίμηση μεθόδων εκτέλεσης εφαρμογων ως \en{Unikernel}
   σε αρχιτεκτονικές \en{ARM}},
  author={Λάγκας Νικολός Ορέστης},
  year={2018},
  type = {\en{Master thesis}},
  school={\itt{Σχολή Ηλεκτρολόγων Μηχανικών και Μηχανικών Υπολογιστών, Εθνικό Μετsόβιο Πολυτεχνείο}}
}

#16
@mastersthesis{Charalampos,
  title={Σχεδιασμός και υλοποίηση μηχανισμών \en{fork} και \en{pipe} σε \en{Unikernel}},
  author={Μάινας Χαράλαμπος},
  year={2019},
  type = {\en{Master thesis}},
  school={\itt{Σχολή Ηλεκτρολόγων Μηχανικών και Μηχανικών Υπολογιστών, Εθνικό Μετsόβιο Πολυτεχνείο}}
}

#17
#no pages found
@inproceedings{OSV-optimizing,
  title={\en{OSV-Optimizing the Operating System for Virtual Machines}},
  author={\en{Avi Kivity, Dor Laor, Glauber Costa, Pekka Enberg
  , Nadav Har’El, Don Marti and Vlad Zolotarov}},
  year={2014},
  organization={\en{\itt{USENIX ATC '14'}}}
}

#18
@misc{solo5,
  title = {\en{Solo5 on github}},
  note  = {\en{\url{https://github.com/Solo5/solo5}},
             \en{Last accessed on 12/2/2021}}
}

#19
@inproceedings{solo5Monitor,
  title={\en{Unikernel Monitors: Extending Minimalism Outside of the Box}},
  author={\en{Dan Williams and Ricardo Koller}},
  year={2016},
  organization={\en{\itt{USENIX Workshop on HotTopics in Cloud Computing (HotCloud ’16)}}}
}

#20
@misc{rumprunXen,
  title = {\en{On rump kernels and the Rumprun unikernel}},
  note  = {\en{\url{https://xenproject.org/2015/08/06/on-rump-kernels-and-the-rumprun-unikernel/}},
             \en{Last accessed on 12/2/2021}}
}

#21
@article{noOSnoProb,
  title={\en{Rump Kernels No OS? No Problem!}},
  author={\en{Antti Kantee and Justin Cormack}},
  journal={\en{;login:}},
  year={2014},
  volume = {39},
  number={5},
  note= {\en{pp. 11-17}}
}

#22
@misc{interviewKantee,
  title = {\en{Interview: Antti Kantee:
  The Anykernel and Rump Kernels}},
  note  = {\en{\url{https://archive.fosdem.org/2013/interviews/2013-antii-kantee/}},
           \en{\itt{FOSDEM 2013}},
           \en{Last accessed on 12/2/2021}
             }
}

#23
@misc{wikiUnikernel,
  title = {\en{Unikernel}},
  note  = {\en{\url{https://en.wikipedia.org/wiki/Unikernel}},
         \en{Last accessed on 12/2/2021}
             }
}

#24
@misc{wikiVirtMemory,
  title = {\en{Vitual Memoru}},
  note  = {\en{\url{https://en.wikipedia.org/wiki/Virtual_memory}},
         \en{Last accessed on 12/2/2021}
             }
}

#25
@article{tmemNutshell,
  title={\en{Transcendent memory in a nutshell}},
  author={\en{Dan Magenheimer}},
  journal={\en{lwn.net}},
  year={2011},
  note= {\en{\url{https://lwn.net/Articles/454795/},
  \en{Last accessed on 12/2/2021}}
}
}

#26
@misc{KVMhyper,
  title = {\en{Linux KVM Hypercall}},
  note  = {\en{\url{https://www.kernel.org/doc/html/latest/virt/kvm/hypercalls.html}},
         \en{Last accessed on 12/2/2021}
             }
}

#27
@misc{redis,
  title = {\en{Introduction to Redis}},
  note  = {\en{\url{https://redis.io/topics/introduction}},
         \en{Last accessed on 12/2/2021}
             }
}

#28
@misc{redisUni,
  title = {\en{Redis as Unikernel}},
  note  = {\en{\url{https://github.com/rumpkernel/rumprun-packages/tree/master/redis}},
         \en{Last accessed on 12/2/2021}
             }
}

#29
@misc{redisAOF,
  title = {\en{Redis persistence}},
  note  = {\en{\url{https://redis.io/topics/persistence}},
         \en{Last accessed on 12/2/2021}
             }
}
